<?xml version="1.0" encoding="UTF-8"?>
<record xmlns="http://www.loc.gov/MARC21/slim" xmlns:xsi="http://www.w3.org/2001/XMLSchema-instance" xsi:schemaLocation="http://www.loc.gov/MARC21/slim http://www.loc.gov/standards/marcxml/schema/MARC21slim.xsd">
<leader>     nam a2200301 a 4500</leader>
<controlfield tag="001">001576908</controlfield>
<controlfield tag="003">NNU</controlfield>
<controlfield tag="005">20061010173120.0</controlfield>
<controlfield tag="008">991112m19471950ua            000 0 arar</controlfield>
<datafield tag="010" ind1=" " ind2=" ">
<subfield code="a">ne 65001247</subfield>
</datafield>
<datafield tag="035" ind1="9" ind2=" ">
<subfield code="a">NYUb12081612</subfield>
</datafield>
<datafield tag="035" ind1=" " ind2=" ">
<subfield code="a">(CStRLIN)NYUG99-B2731</subfield>
</datafield>
<datafield tag="040" ind1=" " ind2=" ">
<subfield code="a">DLC</subfield>
<subfield code="c">TxU</subfield>
<subfield code="d">MH</subfield>
<subfield code="d">CStRLIN</subfield>
<subfield code="d">NNU</subfield>
</datafield>
<datafield tag="050" ind1=" " ind2="4">
<subfield code="a">BP166.1</subfield>
<subfield code="b">.W35 1947</subfield>
</datafield>
<datafield tag="066" ind1=" " ind2=" ">
<subfield code="c">(3</subfield>
</datafield>
<datafield tag="090" ind1=" " ind2=" ">
<subfield code="a">BP175.J5</subfield>
<subfield code="b">W3</subfield>
</datafield>
<datafield tag="100" ind1="1" ind2=" ">
<subfield code="6">880-01</subfield>
<subfield code="a">Wakīʻ, Muḥammad ibn Khalaf,</subfield>
<subfield code="d">d. 918.</subfield>
</datafield>
<datafield tag="245" ind1="1" ind2="0">
<subfield code="6">880-02</subfield>
<subfield code="a">Akhbār al-qudāh /</subfield>
<subfield code="c">taʼlīf Wakīʻ, Muḥammad ibn Khalaf ibn Ḥayyān ; ṣaḥḥaḥahu wa-ʻallaqa ʻalayhi wa-kharraja aḥādīthahu ʻAbd al-ʻAzīz Muṣṭafá al-Marāghī.</subfield>
</datafield>
<datafield tag="250" ind1=" " ind2=" ">
<subfield code="6">880-03</subfield>
<subfield code="a">al-Ṭabʻah 1.</subfield>
</datafield>
<datafield tag="260" ind1=" " ind2=" ">
<subfield code="6">880-04</subfield>
<subfield code="a">al-Qāhirah :</subfield>
<subfield code="b">Maktabat al-Tijārīyah al-Kubrá,</subfield>
<subfield code="c">1947-1950.</subfield>
</datafield>
<datafield tag="300" ind1=" " ind2=" ">
<subfield code="a">3 v. ;</subfield>
<subfield code="c">24 cm.</subfield>
</datafield>
<datafield tag="650" ind1=" " ind2="0">
<subfield code="a">Judges (Islamic law)</subfield>
<subfield code="v">Biography</subfield>
<subfield code="v">Early works to 1800.</subfield>
</datafield>
<datafield tag="700" ind1="1" ind2=" ">
<subfield code="a">Marāghī, ʻAbd Allāh</subfield>
<subfield code="6">880-05</subfield>
</datafield>
<datafield tag="880" ind1="1" ind2=" ">
<subfield code="6">100-01/</subfield>
<subfield code="a">وكيع، محمد بن خلف.</subfield>
</datafield>
<datafield tag="880" ind1="1" ind2="0">
<subfield code="6">245-02/</subfield>
<subfield code="a">أخبار القضاة /</subfield>
<subfield code="c">تأليف وكيع، محمد بن خلف بن حيان ؛ صححه وعلق عليه وخرج أحاديثه عبد العزيز مصطفى المراعي.</subfield>
</datafield>
<datafield tag="880" ind1=" " ind2=" ">
<subfield code="6">250-03/</subfield>
<subfield code="a">الطبعة ١.</subfield>
</datafield>
<datafield tag="880" ind1=" " ind2=" ">
<subfield code="6">260-04/</subfield>
<subfield code="a">القاهرة :</subfield>
<subfield code="b">مكتبة التجارية الكبرى،</subfield>
<subfield code="c">١٩٤٧-١٩٥٠.</subfield>
</datafield>
<datafield tag="880" ind1="1" ind2=" ">
<subfield code="6">700-05/</subfield>
<subfield code="a">مراغي، عبد العزيز مصطفى.</subfield>
</datafield>
<datafield tag="OWN" ind1=" " ind2=" ">
<subfield code="a">GENERAL</subfield>
</datafield>
<datafield tag="998" ind1=" " ind2=" ">
<subfield code="a">19991112</subfield>
<subfield code="d">19991112</subfield>
<subfield code="d">20011031</subfield>
<subfield code="n">NNU</subfield>
<subfield code="s">1</subfield>
<subfield code="t">c</subfield>
<subfield code="z">p</subfield>
</datafield>
<datafield tag="AVA" ind1=" " ind2=" ">
<subfield code="a">NYU50</subfield>
<subfield code="b">BOBST</subfield>
<subfield code="c">Main Collection</subfield>
<subfield code="d">BP175.J5 W3</subfield>
<subfield code="e">unavailable</subfield>
<subfield code="t">Unavailable</subfield>
<subfield code="f">3</subfield>
<subfield code="g">3</subfield>
<subfield code="h">Y</subfield>
<subfield code="i">4</subfield>
<subfield code="j">MAIN</subfield>
<subfield code="k">0</subfield>
</datafield>
</record>
